{
  "leader": "01143cam a22003251i 4500",
  "fields": [
    {
      "001": "ocm00505680\\"
    },
    {
      "003": "OCoLC"
    },
    {
      "005": "20220708100326.0"
    },
    {
      "008": "721201s1961\\\\\\\\lau\\\\\\\\\\\\\\\\\\\\\\001\\0\\eng\\\\"
    },
    {
      "010": {
        "ind1": "\\",
        "ind2": "\\",
        "subfields": [
          {
            "a": "   61015490 "
          }
        ]
      }
    },
    {
      "040": {
        "ind1": "\\",
        "ind2": "\\",
        "subfields": [
          {
            "a": "DLC"
          },
          {
            "b": "eng"
          },
          {
            "c": "DLC"
          },
          {
            "d": "WSU"
          },
          {
            "d": "SER"
          },
          {
            "d": "STF"
          },
          {
            "d": "UBY"
          },
          {
            "d": "EMI"
          },
          {
            "d": "ZWZ"
          },
          {
            "d": "COF"
          },
          {
            "d": "OCLCF"
          },
          {
            "d": "NAM"
          },
          {
            "d": "OCLCQ"
          },
          {
            "d": "OCL"
          },
          {
            "d": "OCLCQ"
          },
          {
            "d": "UX0"
          },
          {
            "d": "V5E"
          },
          {
            "d": "IL4J6"
          },
          {
            "d": "OCLCO"
          },
          {
            "d": "CZL"
          }
        ]
      }
    },
    {
      "019": {
        "ind1": "\\",
        "ind2": "\\",
        "subfields": [
          {
            "a": "1000774099"
          },
          {
            "a": "1039338542"
          },
          {
            "a": "1130358955"
          }
        ]
      }
    },
    {
      "035": {
        "ind1": "\\",
        "ind2": "\\",
        "subfields": [
          {
            "a": "(OCoLC)505680"
          },
          {
            "z": "(OCoLC)1000774099"
          },
          {
            "z": "(OCoLC)1039338542"
          },
          {
            "z": "(OCoLC)1130358955"
          }
        ]
      }
    },
    {
      "041": {
        "ind1": "\\",
        "ind2": "\\",
        "subfields": [
          {
            "a": "eng"
          }
        ]
      }
    },
    {
      "042": {
        "ind1": "\\",
        "ind2": "\\",
        "subfields": [
          {
            "a": "premarc"
          }
        ]
      }
    },
    {
      "050": {
        "ind1": "0",
        "ind2": "0",
        "subfields": [
          {
            "a": "KZ3140.L37"
          },
          {
            "b": "A38 1961"
          }
        ]
      }
    },
    {
      "080": {
        "ind1": "\\",
        "ind2": "\\",
        "subfields": [
          {
            "a": "341.64"
          },
          {
            "b": "L334"
          }
        ]
      }
    },
    {
      "082": {
        "ind1": "0",
        "ind2": "4",
        "subfields": [
          {
            "a": "341"
          },
          {
            "b": "LAR"
          }
        ]
      }
    },
    {
      "100": {
        "ind1": "1",
        "ind2": "\\",
        "subfields": [
          {
            "a": "Larson, Arthur."
          }
        ]
      }
    },
    {
      "245": {
        "ind1": "1",
        "ind2": "0",
        "subfields": [
          {
            "a": "When nations disagree :"
          },
          {
            "b": "a handbook on peace through law /"
          },
          {
            "c": "Arthur Larson."
          }
        ]
      }
    },
    {
      "260": {
        "ind1": "\\",
        "ind2": "\\",
        "subfields": [
          {
            "a": "[Baton Rouge] :"
          },
          {
            "b": "Louisiana State University Press,"
          },
          {
            "c": "[1961]"
          }
        ]
      }
    },
    {
      "300": {
        "ind1": "\\",
        "ind2": "\\",
        "subfields": [
          {
            "a": "ix, 251 pages ;"
          },
          {
            "c": "23 cm"
          }
        ]
      }
    },
    {
      "336": {
        "ind1": "\\",
        "ind2": "\\",
        "subfields": [
          {
            "a": "text"
          },
          {
            "b": "txt"
          },
          {
            "2": "rdacontent"
          }
        ]
      }
    },
    {
      "337": {
        "ind1": "\\",
        "ind2": "\\",
        "subfields": [
          {
            "a": "unmediated"
          },
          {
            "b": "n"
          },
          {
            "2": "rdamedia"
          }
        ]
      }
    },
    {
      "338": {
        "ind1": "\\",
        "ind2": "\\",
        "subfields": [
          {
            "a": "volume"
          },
          {
            "b": "nc"
          },
          {
            "2": "rdacarrier"
          }
        ]
      }
    },
    {
      "650": {
        "ind1": "\\",
        "ind2": "0",
        "subfields": [
          {
            "a": "International law."
          }
        ]
      }
    },
    {
      "650": {
        "ind1": "\\",
        "ind2": "7",
        "subfields": [
          {
            "a": "International law."
          },
          {
            "2": "fast"
          },
          {
            "0": "(OCoLC)fst00976984"
          }
        ]
      }
    },
    {
      "994": {
        "ind1": "\\",
        "ind2": "\\",
        "subfields": [
          {
            "a": "Z0"
          },
          {
            "b": "NYRVC"
          }
        ]
      }
    },
    {
      "948": {
        "ind1": "\\",
        "ind2": "\\",
        "subfields": [
          {
            "h": "NO HOLDINGS IN NYRVC - 679 OTHER HOLDINGS"
          }
        ]
      }
    },
    {
      "999": {
        "ind1": "\\",
        "ind2": "\\",
        "subfields": [
          {
            "a": "00000000014174"
          }
        ]
      }
    }
  ]
}